@online{d2l:attention_pooling,
  author = {Zhang, Aston and Lipton, Zachary C. and Li, Mu and Smola, Alexander J.},
  title = {Attention Pooling: Nadaraya-Watson Kernel Regression},
  year = {2023},
  howpublished = {\url{https://d2l.ai/chapter_attention-mechanisms-and-transformers/attention-pooling.html}},
  urldate = {2025-04-25},
  booktitle = {Dive into Deep Learning},
  publisher = {D2L.ai}
}

@online{wikipedia:kernel_regression,
  title = {Kernel Regression},
  year = {2025},
  howpublished = {\url{https://en.wikipedia.org/wiki/Kernel_regression}},
  urldate = {2025-04-25},
  organization = {Wikipedia},
  author = {Wikipedia contributors}
}